

@misc{ogf98ur,
  author = {R. Mach and R. Lepro-Metz and S. Jackson and L. McGinnis},
  title  = {Usage Record – Format Recommendation},
  year   = {2007},
  howpublished = {\url{http://ogf.org/documents/GFD.98.pdf}}
}


@misc{iso8601,
  author = {ISO Technical Committee TC 154},
  title  = {Data elements and interchange formats — Information interchange — Representation of dates and times},
  year   = {2004},
  howpublished = {\url{http://www.iso.org/iso/catalogue_detail?csnumber=40874}}
}

